<?xml version="1.0" encoding="UTF-8"?><collection xmlns="http://www.loc.gov/MARC21/slim"><record><leader>00546nam--2200205-u-4500</leader><controlfield tag="001">000050779</controlfield><controlfield tag="002">20161230</controlfield><controlfield tag="005">20161230201048</controlfield><controlfield tag="008">080403s1000------------r-----000-0-eng-d</controlfield><datafield ind1=" " ind2=" " tag="020"><subfield code="a">13:978-0-12-683190-0</subfield></datafield><datafield ind1=" " ind2=" " tag="040"><subfield code="a">IFIN-HH</subfield></datafield><datafield ind1=" " ind2=" " tag="080"><subfield code="a">51.37</subfield></datafield><datafield ind1="1" ind2=" " tag="100"><subfield code="a">Tam,Patrick T</subfield></datafield><datafield ind1="1" ind2="0" tag="245"><subfield code="a">A Physicist's Guide to Mathematica</subfield></datafield><datafield ind1=" " ind2=" " tag="260"><subfield code="a">London</subfield><subfield code="b">Academic Press</subfield><subfield code="c">1997</subfield></datafield><datafield ind1=" " ind2=" " tag="300"><subfield code="a">506 p</subfield></datafield><datafield ind1=" " ind2=" " tag="504"><subfield code="a">Includes Bibliographical References and Index</subfield></datafield><datafield ind1=" " ind2="4" tag="650"><subfield code="a">Mathematica (Computer File)</subfield></datafield><datafield ind1=" " ind2=" " tag="852"><subfield code="c">681.3</subfield></datafield><datafield ind1=" " ind2=" " tag="CAT"><subfield code="a">Sys</subfield><subfield code="c">20080403</subfield><subfield code="h">090922</subfield></datafield></record></collection>